5032 5684
1229 485 1479 590 ,²³⁸-

800 676 831 737 Si
854 673 974 740 calcare
995 676 1108 738 Notum
1132 681 1315 758 secretaque
1335 670 1427 738 litora
1449 671 1508 738 niti

799 775 956 840 Nascentis
977 771 1099 849 iubeas,
1122 773 1273 840 muudum
1294 785 1364 860 post
1385 785 1472 859 terga
1493 775 1683 862 relinquam

799 881 835 942 Et
858 897 1046 964 quocunque
1068 877 1138 944 loco
1161 876 1310 944 Stilichon
1332 877 1467 944 tentoria
1490 877 1577 963 figes,

797 980 856 1046 iiic
877 979 975 1064 patric
998 989 1054 1045 est.
1097 985 1169 1072 Dux
1191 979 1264 1046 inde
1285 989 1384 1046 retal:
1420 980 1582 1056 Desistite,
1604 1003 1737 1068 quaeso,

800 1089 905 1170 Atque
926 1082 1049 1147 avidam
1071 1082 1196 1148 differte
1217 1103 1353 1154 manum.
1395 1083 1490 1150 Cadit
1511 1085 1569 1150 iste
1591 1085 1741 1152 minacis.

798 1186 935 1251 invidiae
956 1184 1113 1252 cumulus:
1136 1205 1200 1251 uon
1221 1197 1269 1252 est
1290 1185 1420 1252 victoria
1443 1189 1535 1260 tanti,

798 1294 834 1356 Ut
856 1287 964 1354 videar
985 1288 1097 1354 vicisse
1119 1287 1207 1358 mihi.
1248 1294 1328 1363 Vos,
1351 1287 1411 1354 fida
1429 1290 1588 1364 iuventus,

797 1397 841 1456 lte
863 1393 924 1457 mei
946 1392 1103 1478 quondam
1125 1392 1213 1458 socii.
1255 1396 1318 1456 Nec
1339 1392 1428 1478 plura
1448 1392 1570 1458 locutus

797 1495 896 1560 etexit
919 1495 995 1572 icen
1017 1515 1117 1562 vacuo
1140 1493 1239 1580 qualis
1262 1492 1393 1560 discedit
1415 1495 1501 1561 hiatu

796 1599 962 1684 impatiens
983 1617 1125 1663 remeare
1148 1597 1217 1668 leo,
1240 1597 1492 1684 quamplurima
1514 1601 1618 1684 cuspis

798 1707 834 1766 Et
856 1701 1026 1787 pastorales
1048 1699 1236 1786 pepulerunt
1257 1701 1329 1783 igno
1351 1710 1511 1776 catervae,

797 1805 985 1891 inclinatque
1007 1802 1097 1870 iubas
1119 1803 1315 1887 demissaque
1338 1803 1454 1870 lumina
1477 1804 1576 1876 velat.
1655 1887 1660 1897 1

794 1913 832 1974 Et
853 1907 990 1994 trepidas
1012 1915 1131 1972 maesto
1153 1905 1287 1972 rimatur
1308 1927 1471 1972 murmure
1493 1907 1594 1974 silvas.

836 2015 873 2078 Ui
895 2031 964 2076 sese
985 2009 1069 2094 legio
1090 2007 1168 2074 vidit
1190 2007 1343 2078 disiuncta
1364 2010 1515 2096 relinqui,

795 2120 953 2200 lugentem
975 2112 1055 2178 tollit
1075 2111 1225 2197 gemitum
1247 2111 1411 2198 galeasque
1434 2113 1544 2180 solutis

794 2221 958 2283 llumectat
979 2214 1115 2280 lacrimis
1138 2233 1339 2300 pressamque
1362 2216 1515 2282 morantia
1531 2213 1645 2283 'vocem

794 2323 969 2386 Thoracum
992 2317 1111 2384 validos
1133 2316 1255 2402 pulsant
1276 2317 1410 2403 suspiria
1432 2339 1541 2386 nexus.
1632 2298 1637 2312 ¹
1840 2327 1902 2388 ioo

794 2423 976 2494 Tradimus,
1000 2421 1075 2487 ieui
1098 2429 1280 2506 tantumque
1300 2419 1390 2506 sequi
1412 2420 1617 2506 prohibemur
1639 2445 1795 2498 amorem,

794 2527 992 2593 Exclamant:
1018 2522 1162 2590 tardasne
1185 2534 1269 2596 tuas,
1292 2522 1356 2590 dux
1378 2524 1509 2609 optime,
1532 2525 1674 2598 dextras.

793 2633 878 2709 Quas
901 2627 958 2694 tibi
981 2629 1123 2694 uictrices
1145 2629 1237 2694 toties
1259 2627 1385 2692 Bellona
1408 2626 1574 2712 probavit?

791 2738 854 2798 Nos
875 2731 955 2797 adeo
976 2730 1073 2796 vilest
1095 2730 1176 2795 adeo
1198 2728 1319 2798 felicior
1339 2731 1408 2796 axis

792 2836 979 2923 Hesperius,
1001 2832 1117 2899 meruit
1137 2834 1191 2919 qui
1214 2843 1244 2898 te
1265 2843 1389 2900 rectore
1412 2834 1533 2900 tenerit

638 3098 763 3106 .-.—----
773 3093 992 3102 --.--.-....-—

587 3269 675 3330 prime
695 3265 753 3314 vat.
775 3263 848 3326 legas
865 3267 972 3310 nemas
983 3259 1051 3316 liiii.
1072 3264 1101 3307 ut
1117 3263 1218 3310 acerete
1233 3257 1287 3308 ltili
1305 3257 1417 3314 dixerit.
1437 3259 1574 3322 quomodo
1593 3259 1685 3310 cim
1701 3273 1791 3310 rerum
1808 3265 1836 3312 et
1853 3263 1967 3320 similia,
1987 3279 2101 3330 qnorum

500 3411 503 3418 ,
587 3361 679 3408 noster
696 3353 819 3418 plenus.»
839 3349 936 3400 Hasna.
974 3345 1082 3410 «Saepe
1100 3347 1305 3398 coniunduniur
1322 3347 1404 3397 litore
1421 3353 1447 3398 et
1465 3359 1594 3410 aequore.
1631 3347 1763 3399 Videlll.
1783 3345 1864 3400 Cons'.
1885 3350 2031 3404 lion-209.
2060 3357 2102 3404 lin

585 3449 732 3509 surum
749 3443 832 3491 uisam
849 3437 925 3490 Nili?
964 3435 1030 3486 Vide
1049 3435 1083 3486 ad
1103 3435 1209 3486 Nemea.
1230 3433 1329 3498 (ἔμοι.
1350 3435 1418 3486 ea.»
1450 3435 1538 3488 Bena-
1569 3461 1600 3472 -
1629 3436 1710 3488 videa
1727 3449 1794 3490 saue
1813 3451 1944 3503 perquam
1975 3444 2102 3506 exiguam

585 3549 645 3584 aaaa
662 3532 851 3582 auctoritatem
870 3526 1018 3578 lactionum
1034 3523 1163 3586 Aequoris
1179 3527 1206 3572 et
1223 3535 1338 3573 masere.
1356 3548 1389 3598 -Ι-
1410 3524 1541 3587 partium
1558 3537 1599 3588 pr.
1619 3524 1650 3575 Τ.
1667 3550 1702 3562 -
1733 3525 1795 3576 ais.
1814 3526 1950 3592 mondum]
1980 3543 2102 3580 «annum

586 3626 701 3674 Lucane.
730 3619 832 3669 Placet.
859 3615 933 3679 virg.
953 3613 1022 3664 Aac.
1042 3613 1075 3668 o,
1095 3613 1161 3664 'illlis
1180 3617 1252 3673 potet
1271 3618 1349 3663 cairo
1366 3614 1454 3664 sidera
1471 3613 1563 3674 telios,
1578 3614 1667 3665 deiru
1683 3617 1751 3666 anot
1768 3615 1880 3680 solimam
1897 3619 1982 3668 vim.»
2004 3619 2099 3672 nm,

586 3713 618 3760 tt
637 3709 678 3760 rel
698 3719 788 3759 merua
806 3711 847 3756 eat
864 3717 941 3756 error
960 3702 1003 3756 rei
1021 3701 1122 3753 lasciva
1136 3701 1319 3764 interpolatio.
1339 3724 1371 3736 -
1389 3701 1451 3754 252.
1471 3701 1560 3752 iiam
1577 3702 1599 3752 T
1618 3715 1679 3752 num
1692 3703 1840 3768 pinuque,
1860 3703 1952 3756 amp
1970 3721 2000 3756 Β,
2014 3711 2101 3770 primo

586 3799 643 3848 vat.
663 3804 690 3848 ei
709 3795 814 3847 duobus
831 3793 892 3843 aliia
911 3793 1050 3842 Heinsius.
1077 3789 1148 3841 iliud
1162 3790 1284 3848 restituia
1304 3789 1390 3852 magia
1403 3791 1475 3840 euim
1494 3791 1582 3853 placat
1599 3789 1687 3842 Fleuit
1698 3813 1708 3826 ·
1721 3815 1731 3828 ·
1742 3795 1772 3842 ut
1789 3793 1898 3842 discedit
1915 3805 1997 3856 quam
2016 3796 2100 3846 2112„

584 3887 675 3937 lectio.
695 3907 727 3920 -
746 3884 867 3934 ducuait
882 3895 923 3945 pr.
943 3881 975 3930 T.
997 3903 1025 3916 ·-
1046 3879 1107 3930 258.
1126 3873 1232 3940 solutis]
1252 3880 1291 3930 sic
1310 3879 1392 3928 eiiam
1411 3878 1443 3930 T.
1465 3879 1564 3928 Voluiia
1583 3879 1625 3931 vel
1642 3877 1744 3942 aolutoa
1762 3879 1880 3932 malebat
1898 3882 2035 3942 Heinsius,
2056 3900 2100 3948 po-

585 3977 704 4027 siccioris
723 3987 749 4022 a.
769 3971 923 4035 exemplum
942 3967 1058 4018 aderens
1077 3967 1143 4018 sut.
1164 3967 1250 4018 Theb.
1269 3967 1302 4024 8,
1323 3967 1392 4017 16³:
1423 3967 1560 4032 qualitates
1577 3967 1660 4032 pulsia
1678 3969 1793 4019 cecidere
1808 3967 1940 4028 retaciat,
1972 3973 2005 4022 ad
2027 3975 2099 4035 pm„

584 4065 763 4128 virgilianum
782 4059 867 4110 illud:
887 4059 1015 4108 lacrimae
1031 4056 1174 4107 uoluuntur
1192 4057 1296 4105 inenu-
1316 4053 1395 4118 (Aen.
1415 4055 1447 4112 i.
1465 4051 1541 4120 dtu.)
1578 4055 1630 4107 Sed
1649 4068 1684 4106 au
1703 4057 1846 4122 quisquam
1865 4059 1955 4110 dicere
1967 4063 2100 4112 anstinuo-

583 4155 617 4204 rit
635 4149 896 4208 incommodatur,
915 4146 994 4198 raldo
1011 4145 1115 4196 dubito.
1150 4171 1177 4184 -·
1209 4145 1271 4196 259.
1290 4143 1438 4194 'Homerici
1457 4143 1478 4194 T
1496 4157 1559 4196 cum
1578 4150 1682 4196 tanturn
1700 4157 1755 4196 nun
1773 4147 1918 4204 omnihus,
1952 4147 2015 4200 iiam
2036 4149 2100 4202 iios,

583 4247 645 4292 ante
663 4243 866 4293 Burmannum,
886 4237 933 4300 qul
951 4248 983 4286 ea
1002 4234 1133 4293 Lunensi,
1154 4247 1210 4284 une
1227 4233 1318 4286 Peiar.
1336 4236 1364 4283 et
1381 4232 1466 4282 Dclrii
1484 4231 1583 4284 Codice
1606 4247 1668 4284 oum
1686 4239 1783 4296 quarto
1802 4234 1930 4286 Vaticano
1949 4235 1987 4298 (v.
2008 4237 2099 4288 licina

585 4329 654 4379 inira
674 4331 707 4379 ad
727 4323 1022 4388 quintadecumani.
1057 4349 1085 4360 -
1118 4321 1180 4373 atti.
1210 4316 1361 4383 Tradimus]
1381 4319 1523 4370 Prodimur
1541 4333 1573 4372 ca
1592 4322 1690 4385 prioria
1708 4323 1783 4372 uaria
1809 4323 1871 4374 lect.
1900 4325 1998 4376 Morsu
2018 4325 2098 4376 cdere

583 4418 691 4467 solebat
710 4417 854 4472 naiadum
873 4414 920 4463 aad
940 4423 1040 4474 operae
1058 4423 1113 4461 non
1132 4411 1363 4473 obtemperarunt.
1385 4433 1414 4444 -
1436 4408 1498 4458 262.
1518 4411 1659 4474 tardusque
1678 4423 1718 4475 pr.
1738 4410 1774 4464 Τ,
1803 4410 1875 4476 quoq
1895 4425 1988 4464 „emm
2009 4413 2099 4462 iudico

583 4507 663 4556 mode
681 4505 787 4568 legatur
803 4503 945 4555 tardema:
963 4499 1097 4562 trodisqua
1114 4512 1184 4549 corr.
1207 4499 1244 4558 T,
1275 4498 1395 4547 trodiane
1414 4496 1485 4548 Libri
1505 4495 1628 4562 plerique
1647 4505 1673 4550 et
1692 4499 1759 4550 lidd.
1779 4504 1842 4550 ante
1862 4499 2023 4554 Heinsinm.
2053 4505 2099 4564 qui

581 4595 717 4658 sparsim
734 4607 766 4644 ea
786 4594 849 4642 Luc.
867 4588 992 4654 Gyrald..
1025 4589 1120 4651 primo·
1138 4591 1165 4638 et
1183 4599 1237 4638 sac.
1258 4586 1318 4636 vat.
1338 4584 1435 4638 tiores.
1454 4597 1510 4636 rac.
1532 4586 1618 4636 Lirin.
1655 4587 1721 4640 iiiii
1741 4587 1847 4639 ridetur
1865 4589 2045 4652 interpolatio,
2066 4614 2096 4622 ..

582 4681 645 4733 idi·
662 4685 769 4746 Parent
787 4693 857 4732 corr.
877 4679 899 4730 T
918 4689 979 4728 cum
999 4676 1100 4726 multia.
