5032 5684
1035 449 1296 522 -47-

599 638 690 706 llella
711 637 819 713 trahit,
842 655 1021 723 pennasque
1041 638 1124 700 cient
1145 644 1177 700 et
1197 633 1314 719 spicula
1335 630 1480 705 tendunt,

599 745 638 808 m
660 740 761 806 tenuis
783 739 850 806 saxi
872 759 930 825 per
950 736 1185 825 propugnacula
1206 739 1323 802 cinctae

600 842 758 908 llimusam
779 842 911 928 patriam
934 841 1106 926 dilectaque
1129 837 1261 925 pumicis
1282 847 1370 903 antra

600 943 777 1011 Defendunt
797 963 962 1031 pronoque
983 941 1073 1009 savos
1095 942 1238 1007 examine
1261 942 1393 1007 velant.=

643 1051 697 1114 Est
717 1047 822 1120 locus,
844 1045 1072 1131 infaustisque
1094 1043 1301 1110 conciliantur
1322 1044 1354 1108 in
1376 1063 1472 1110 unum

602 1154 734 1239 Cocytos
756 1148 1008 1232 Phlegethonque
1030 1145 1134 1224 radim
1157 1147 1342 1212 inamoenus
1363 1155 1496 1230 uterquc

602 1253 726 1320 hlvcus.
758 1252 817 1316 Hic
838 1251 936 1317 volvit
956 1249 1113 1316 lacrimas:
1136 1249 1187 1314 hic
1208 1249 1279 1334 igne
1301 1246 1464 1316 redundat.

602 1355 711 1422 Turris
733 1374 791 1442 per
811 1352 952 1438 geminos
974 1349 1106 1418 llammis
1128 1351 1262 1417 vicinior
1284 1371 1390 1418 amnes

603 1457 778 1541 porrigitur
799 1455 962 1542 solidoque
984 1452 1088 1536 rigens
1109 1458 1274 1522 adamante
1295 1453 1455 1520 sinistrum

604 1560 723 1628 Proluit
742 1559 816 1641 igne
836 1559 925 1624 latus.
958 1561 1076 1622 Dextra
1099 1556 1224 1642 Cocytia
1245 1555 1334 1622 findit

604 1669 749 1748 Aequora
771 1662 858 1726 triste
879 1679 1006 1745 gemens
1028 1667 1061 1723 ct
1079 1656 1155 1724 lletu
1175 1658 1295 1725 concita
1317 1657 1444 1744 plangit.

604 1767 673 1831 lluc
693 1774 765 1850 post
785 1763 948 1828 emeritam
969 1760 1112 1828 mortalia
1134 1762 1237 1828 secula
1260 1761 1354 1827 vitam

606 1866 789 1935 Deveniunt
820 1865 868 1931 lbi
889 1866 974 1931 nulla
996 1872 1122 1930 manent
1142 1862 1321 1930 discrimina
1342 1861 1413 1939 lati,

605 1969 713 2036 Nullus
733 1969 834 2034 honos
854 1988 998 2054 vanoque
1020 1977 1150 2034 exutum
1174 1967 1300 2033 nominc
1322 1985 1429 2052 regens

606 2071 772 2137 Protnrbut
792 2070 933 2157 plebeius
955 2091 1061 2154 egens.
1100 2069 1267 2147 Quaesitor
1289 2068 1321 2134 in
1343 2069 1405 2136 alto

607 2175 798 2260 Conspicuus
820 2175 900 2240 solio
923 2183 1076 2260 pertentat
1096 2172 1227 2238 crimina
1247 2172 1350 2238 Minos

606 2283 644 2343 Et
665 2276 753 2342 iustis
775 2275 894 2342 dirimit
915 2287 1030 2344 sontes.
1067 2278 1154 2353 Quos
1176 2275 1260 2342 nolle
1281 2275 1375 2340 lateri

606 2379 743 2454 viderit,
766 2377 803 2443 ad
825 2379 905 2444 mala
924 2399 1003 2450 ,mox
1024 2377 1206 2444 transmittit
1227 2376 1360 2444 verbera
1381 2376 1503 2455 [ramim

607 2486 683 2548 Nam
703 2481 791 2547 iuxta
812 2481 1064 2548 Rhadamanthus
1083 2482 1158 2566 agit.
1192 2485 1269 2548 Cum
1290 2487 1377 2564 gesta
1397 2482 1525 2566 superni

608 2583 763 2651 Curriculi
785 2592 929 2671 totosque
950 2584 1005 2652 diu
1026 2589 1224 2670 perspexerit
1244 2593 1351 2663 ectus;

609 2691 770 2773 Exsequat
790 2685 937 2754 damnum
958 2693 1078 2754 meritis
1099 2697 1131 2752 et
1151 2695 1237 2753 muta
1257 2685 1397 2752 serarum

610 2791 700 2874 Cogit
721 2790 821 2855 vincla
842 2791 915 2876 pati.
949 2792 1154 2858 Truculentus
1174 2791 1290 2876 ingerit
1310 2788 1410 2862 ursis.

610 2891 848 2980 Praedonesque
870 2893 967 2978 lupis,
989 2892 1113 2958 fallaces
1135 2891 1280 2978 vulpibus
1301 2890 1395 2958 addit.

609 3000 649 3061 ht
669 2996 722 3081 qui
745 2995 863 3060 desidia
884 3016 1008 3081 semper
1029 2996 1167 3082 vinoque
1188 3005 1348 3080 gravatus.

610 3097 777 3182 Indulgens
798 3098 914 3163 Veneri
935 3099 1034 3165 voluit
1056 3107 1236 3184 torpescere
1257 3099 1354 3172 luxu,

477 3486 539 3536 463.
558 3481 667 3548 cinctos]
686 3487 794 3535 canetae
815 3483 925 3546 ngr,
947 3489 975 3536 nt
994 3485 1079 3534 estin
1099 3483 1207 3537 Aldina,
1232 3507 1265 3519 -
1291 3483 1352 3536 465.
1376 3482 1477 3549 velunt]
1501 3486 1541 3536 sic
1559 3487 1640 3536 etlam
1659 3484 1690 3534 ’7.
1718 3483 1840 3536 «Vatum
1857 3498 1930 3537 unus

367 3571 379 3592 ⁸
411 3575 548 3625 Floreat.»
565 3573 638 3635 Lego
657 3571 770 3622 nollunt·
788 3573 884 3624 flutas·
903 3571 987 3622 calcat
1008 3573 1070 3623 llxc.
1094 3571 1168 3623 Voss.
1192 3595 1220 3608 -
1240 3571 1302 3623 470.
1323 3573 1431 3623 maistre
1450 3574 1481 3626 T.
1503 3587 1564 3624 cuna
1582 3573 1658 3633 aliis,
1687 3587 1722 3624 ex
1742 3573 1931 3624 accommoda-

412 3665 484 3714 tione
501 3663 536 3711 ad
553 3675 578 3714 n.
594 3663 663 3726 ipae.
683 3682 713 3697 -
735 3661 797 3712 477.
816 3659 887 3726 fleca
906 3674 946 3724 pr.
966 3659 998 3710 'l'-
1020 3685 1048 3698 -
1077 3661 1139 3712 475.
1159 3661 1243 3710 honor
1261 3661 1293 3727 7,
1312 3687 1343 3700 -
1369 3661 1431 3712 477.
1451 3665 1603 3726 praetentat
1626 3662 1649 3712 ‘l'
1671 3675 1733 3712 cuns
1755 3660 1833 3721 allis,
1857 3665 1929 3726 quod

411 3767 465 3802 non
482 3749 640 3813 displicebat
658 3749 781 3802 lleinsio.
808 3748 859 3799 Sed
881 3762 971 3813 neque
988 3753 1122 3812 perarmat
1145 3761 1233 3814 nequa
1255 3755 1407 3813 praetentet
1430 3752 1495 3800 satis
1516 3750 1614 3814 placet.
1644 3751 1723 3802 Forte
1744 3748 1841 3801 mellus
1863 3748 1932 3800 leret

408 3843 560 3902 perpensat,
581 3838 607 3888 id
621 3841 670 3891 est,
690 3838 839 3894 examinat,
858 3843 885 3887 ut
896 3839 1015 3901 praemia
1027 3843 1054 3888 et
1064 3851 1165 3902 poenas
1179 3840 1342 3902 dispenset.»
1355 3840 1444 3890 Bonna.
1459 3838 1593 3900 vernum,
1612 3853 1666 3904 qno
1679 3839 1782 3904 primns
1796 3851 1859 3890 naus
1873 3851 1933 3888 ease

413 3927 516 3978 videtur
536 3926 695 3978 Ammianus
715 3925 900 3985 Marcellinus,
915 3927 1065 3978 Claudiano
1084 3927 1283 3978 obtrudendum
1302 3942 1358 3995 non
1378 3931 1443 3979 erat.
1460 3951 1488 3967 -
1510 3928 1573 3978 479.
1592 3929 1628 3978 ud
1646 3927 1721 3978 mato
1735 3940 1799 3978 mou
1818 3927 1849 3976 Τ.
1869 3939 1932 3975 cuns

412 4017 562 4079 plerisque:
580 4015 617 4064 od
633 4013 715 4080 rigidi
726 4027 757 4065 es
777 4013 891 4064 Lucensl
907 4019 933 4065 et
949 4013 1057 4078 Gyrsld.
1075 4015 1202 4066 Heinsius
1222 4022 1302 4080 atque
1320 4017 1510 4079 Burmannus,
1529 4018 1566 4067 cd
1581 4017 1655 4066 sceui
1666 4019 1793 4080 quattuor
1806 4014 1929 4070 licinum

378 4149 391 4172 Ι,
412 4105 448 4152 od
465 4102 529 4153 dari
548 4115 603 4154 sec.
622 4102 849 4159 Vatlc.·Thnan.,
873 4115 942 4166 qnae
962 4116 1056 4153 omncs
1077 4102 1238 4156 libidinosae
1262 4109 1324 4154 sunt
1347 4105 1579 4168 interpolationes,
1598 4109 1688 4161 ortae.
1710 4105 1761 4154 nlsl
1781 4102 1878 4158 lallor,
1902 4117 1933 4154 er

413 4193 514 4244 vitiosis
532 4191 672 4254 scripturis
688 4189 725 4240 od
744 4191 819 4240 molo
839 4191 937 4242 uiderit
960 4193 1121 4242 trosssma'ttit
1142 4193 1237 4250 Olsel..
1257 4191 1294 4241 cd
1312 4192 1378 4244 mall
1393 4207 1457 4244 mou
1476 4193 1523 4243 ltu.
1545 4192 1631 4245 vicet.
1650 4217 1676 4230 -
1694 4192 1757 4244 480.
1777 4203 1834 4242 cum
1846 4189 1933 4256 gatto]

413 4285 536 4344 coagulo
563 4279 665 4331 Teum
679 4279 756 4335 aliis.
788 4301 818 4314 -
847 4279 908 4330 481.
926 4283 1091 4344 prospereris
1112 4282 1143 4332 Τ.
1173 4294 1236 4332 curn
1254 4281 1332 4343 aliis,
1359 4288 1391 4334 et
1405 4282 1486 4346 volgo
1507 4285 1570 4334 ante
1588 4281 1728 4332 Barthinns
1748 4285 1828 4344 atque
1850 4279 1933 4332 Hein-

412 4371 493 4420 aium.
515 4392 544 4404 -
572 4366 634 4420 484.
655 4364 742 4431 addit]
763 4369 802 4418 sic
822 4368 903 4418 etiarn
920 4365 952 4418 T.
983 4369 1114 4430 «Quidam
1145 4369 1218 4420 abdit
1239 4370 1512 4438 cerrignnigscrlpli
1542 4384 1597 4422 nou
1622 4372 1744 4422 iuvant.»
1776 4368 1875 4436 linias.
1902 4391 1933 4404 ·-

413 4457 475 4508 486.
488 4457 631 4522 Indulgens
646 4454 709 4522 cet]
728 4457 796 4508 allio
814 4470 906 4508 sersus
923 4457 990 4508 nihil
1003 4457 1145 4522 Claudiani
1161 4459 1256 4520 hahet;
1282 4465 1346 4524 puto
1362 4460 1568 4524 interpolatores
1586 4460 1630 4511 hic
1651 4463 1814 4522 grassatos.»
1834 4457 1931 4509 flasse.

416 4547 486 4598 llice
505 4546 614 4598 seclusit
633 4545 680 4598 ild.
695 4546 871 4610 Bipcniinus;
892 4546 1065 4608 siceranes,
1084 4547 1209 4600 arbitrer.
1558 4533 1561 4544 ’

890 4845 903 4880 ,
979 4853 982 4858 ,
