5032 5684
1054 518 1302 594 ...41-

622 740 765 806 illicitum
787 737 915 805 duxisse
937 733 1023 802 nibil.
1066 733 1185 799 Delicta
1208 732 1297 798 luere

621 829 727 891 Nerua
748 823 911 889 amicitiae.
955 825 1019 886 lam
1033 819 1103 883 'iam
1125 816 1281 884 connubia
1303 817 1374 882 laeti

622 925 824 1014 Despondent
846 925 945 990 aliena
967 923 1044 998 sibi,
1069 921 1246 1007 frustraque
1270 920 1406 986 vicissim

555 1043 559 1051 '
623 1031 828 1106 Promittant,
852 1049 928 1116 quas
950 1027 1083 1114 quisque
1103 1033 1204 1113 petat,
1227 1045 1304 1111 quas
1327 1023 1457 1089 devoret
1479 1020 1585 1088 urbes.

667 1139 820 1219 Coeperat
842 1131 995 1198 humanos
1016 1130 1079 1195 alto
1102 1129 1206 1215 sopire
1229 1125 1355 1192 labores

623 1245 692 1304 Nox
715 1236 836 1324 gremio
857 1238 1025 1320 nigrasque
1047 1235 1151 1319 Sopor
1174 1220 1342 1298 diffuderat
1363 1229 1436 1298 alas.
1464 1277 1467 1282 ,
1674 1231 1735 1294 325

624 1342 680 1408 llle
703 1340 758 1406 diu
780 1339 863 1405 curis
884 1338 1022 1404 animum
1046 1333 1276 1402 stimulantibus
1299 1353 1429 1419 aegrum

625 1443 755 1510 Labitur
775 1443 809 1508 in
830 1461 969 1508 somnos.
1015 1438 1076 1504 Vix
1099 1437 1285 1504 totocorde
1308 1438 1452 1524 quierat,

626 1552 705 1614 Ecce
727 1546 811 1612 videt
832 1545 916 1611 diras
938 1539 1078 1608 alludere
1100 1540 1244 1628 protinus
1265 1539 1410 1612 Umbras,

591 1665 594 1671 ·
627 1655 713 1730 Quas
735 1649 820 1715 dedit
842 1649 909 1734 ipse
931 1645 1020 1712 necis
1040 1665 1191 1730 quarum.
1216 1665 1295 1730 quae
1318 1643 1450 1716 clarior,
1474 1663 1535 1708 una

627 1755 699 1825 Visa
720 1753 825 1840 loqui:
859 1749 957 1816 Probl
986 1767 1080 1834 surge
1101 1751 1190 1814 torol
1236 1745 1321 1826 Quid
1342 1745 1476 1832 plurima
1499 1746 1598 1812 volvis
1674 1749 1736 1811 ³³0

625 1855 765 1922 Anxius?
801 1857 886 1918 llaec
905 1852 1048 1938 requiem
1071 1849 1167 1917 rebus
1189 1848 1345 1937 linemque
1367 1848 1468 1915 labori

628 1959 763 2025 allatura
786 1955 863 2022 dies.
907 1957 1001 2020 Omni
1023 1957 1084 2019 iam
1106 1953 1198 2040 plebe
1219 1954 1338 2019 redibis

627 2061 728 2128 Altior
749 2067 780 2126 et
801 2059 874 2126 laeti
895 2055 1038 2122 manibus
1060 2057 1229 2144 portabere
1251 2058 1346 2142 volgi.

629 2169 691 2232 llas
713 2164 795 2229 canit
816 2160 982 2247 ambages:
1005 2160 1128 2226 occulto
1150 2159 1269 2224 fallitur
1291 2159 1344 2225 ille

630 2272 742 2334 Omine
764 2287 822 2332 nec
844 2265 953 2351 capitis
975 2261 1030 2328 lixi
1052 2261 1213 2349 praesagia
1236 2262 1342 2331 sensit.
1681 2265 1742 2328 335

584 2387 592 2408 ⁸
670 2375 735 2436 lam
757 2388 912 2435 summum
933 2365 1030 2432 radiis
1052 2365 1224 2451 stringebat
1247 2363 1371 2430 Lucifer
1392 2367 1542 2430 Haemum

629 2474 846 2560 Festinamque
867 2479 969 2536 rotam
991 2468 1084 2536 solito
1105 2469 1327 2556 properantior
1347 2478 1449 2552 urget.

630 2575 767 2642 Tandem
790 2573 892 2642 Rufini
915 2573 1039 2638 visurus
1062 2571 1189 2661 lunera,
1213 2571 1301 2637 Titan

629 2679 779 2745 Prosiluit
800 2679 904 2743 stratis
927 2674 1105 2761 densaeque
1127 2675 1252 2761 capacia
1273 2671 1385 2742 turbae

630 2782 717 2849 Atria
737 2777 868 2866 regifico
889 2777 980 2844 iussit
1000 2775 1167 2864 splendere
1192 2785 1302 2865 paratu

623 2891 810 2972 „Exceptum
832 2884 944 2970 dapes,
966 2889 1011 2957 et,
1034 2881 1120 2967 qnod
1141 2889 1213 2968 post
1234 2890 1306 2948 vota
1328 2881 1471 2956 daretur.

634 2986 767 3056 [ascribi
787 2985 924 3074 propriis
941 3005 1057 3052 aarum
1080 2983 1172 3050 letale
1193 2982 1311 3068 ligaris.

527 3229 545 3236 ο
554 3225 832 3237 --ψ-ι--ι-υ

501 3397 563 3448 ³20.
583 3395 678 3446 apum
695 3391 777 3455 fuera]
808 3391 930 3456 «paramo
948 3396 1047 3447 tacere,
1079 3389 1152 3454 qnod
1170 3402 1225 3440 non
1245 3391 1353 3454 capio.»
1386 3391 1481 3444 flutas·
1521 3395 1560 3445 lin
1581 3397 1675 3446 insana
1704 3399 1899 3464 interpolatio!
1924 3427 1951 3436 -

433 3487 491 3536 ³24-
515 3487 568 3536 ap,
585 3483 616 3533 Τ,
650 3509 680 3520 ..
710 3480 771 3532 ³25,
802 3476 957 3545 papamque]
977 3479 999 3528 Τ
1017 3493 1080 3530 cum
1099 3480 1255 3545 plerisque:
1285 3481 1427 3546 ntprcaquc
1445 3494 1461 3531 a
1480 3482 1567 3544 primo
1586 3483 1672 3535 vatic.
1692 3485 1777 3537 Palat.
1804 3495 1830 3537 et
1849 3489 1952 3540 barthii

433 3575 531 3626 Codice
551 3574 688 3623 Heinsius.
727 3569 801 3620 used
820 3573 916 3620 eontra
934 3581 1030 3619 omnes
1049 3565 1173 3632 (plures)
1192 3569 1305 3620 Codices
1333 3569 1397 3620 talia
1416 3571 1560 3622 obtrudere
1579 3575 1763 3626 temerarium.
1802 3577 1857 3628 Nec
1876 3579 1954 3629 rideo

434 3666 567 3717 mmm,
599 3673 648 3710 cur
666 3671 720 3710 non
749 3660 845 3724 papi-na
861 3658 922 3709 alne
939 3671 1036 3708 somno
1055 3659 1159 3721 possint
1184 3659 1318 3719 adscribi,
1350 3665 1379 3710 ut
1397 3664 1490 3710 contra
1508 3659 1606 3712 retorsi
1632 3663 1766 3716 Mercurio
1785 3667 1855 3730 apud
1875 3665 1952 3717 Orid.

435 3753 500 3804 ilar.
519 3751 568 3806 td.
589 3749 640 3800 ds:
672 3747 795 3798 Constitit
813 3751 876 3798 orata
904 3745 993 3797 oculor
1011 3743 1087 3798 oetier
1112 3747 1243 3797 samaias
1261 3747 1323 3797 otia.
1361 3747 1463 3799 Somno
1480 3760 1559 3811 ergo,
1592 3753 1669 3815 pigro
1686 3754 1753 3813 deo,
1782 3757 1874 3820 pigrae
1893 3757 1953 3806 alae

434 3843 561 3892 (tantuna
579 3839 669 3889 Bm.
693 3860 732 3920 ⁸-
763 3834 824 3886 ³2⁶.
855 3835 923 3887 «Pro
941 3835 1047 3898 volgata
1067 3847 1159 3898 caper,
1180 3849 1288 3902 asprum
1309 3836 1393 3887 aldus
1413 3844 1439 3888 et
1456 3838 1548 3902 scripti
1568 3837 1624 3890 lere
1643 3855 1760 3892 omnes»
1781 3846 1874 3903 (etiam
1894 3845 1953 3904 rt.

436 3929 531 3993 «qnod
551 3927 650 3978 trustra
677 3925 831 3989 improbant
849 3925 899 3974 riri
918 3925 999 3975 docti.
1037 3923 1447 3976 sicovta.ttem.am.12tt=
1486 3924 1549 3976 Cum
1567 3927 1667 3978 masat
1685 3929 1809 3982 mmmm
1828 3939 1954 3984 animusve

435 4029 486 4080 q„
504 4016 647 4080 mamm
668 4025 788 4078 asprum.
828 4013 905 4064 Prior
935 4012 1011 4064 Leid.
1031 4011 1068 4076 (at
1087 3995 1288 4078 Bartbii'Cod.)
1319 4027 1413 4079 aspre,
1433 4015 1514 4065 etiam
1534 4029 1588 4067 non
1609 4018 1708 4070 male.»
1730 4021 1828 4075 Herus.
1867 4027 1956 4078 «blilii

435 4117 512 4170 capra
530 4105 615 4168 magis
635 4103 738 4168 placet:
758 4115 820 4152 cnm
840 4101 886 4152 diu
901 4103 928 4152 ln
942 4102 1045 4154 somnis
1065 4103 1192 4154 iacuisset
1210 4105 1245 4156 ob
1264 4113 1359 4160 ouras,
1379 4104 1488 4156 tandem
1507 4105 1608 4156 labitur
1621 4108 1649 4158 in
1664 4123 1801 4162 somnone
1822 4115 1908 4165 lirani.
1926 4145 1954 4154 -

436 4193 603 4244 328.,ἀιινω
621 4192 659 4249 Τ,
686 4195 716 4242 ut
733 4190 820 4242 Oxou·
852 4197 879 4244 et
897 4191 972 4242 Laid.
1007 4217 1034 4228 —
1066 4189 1128 4244 829.
1148 4191 1259 4254 clarior]
1291 4194 1330 4241 aio
1348 4193 1429 4243 etiam
1448 4193 1480 4243 T.
1500 4195 1603 4244 scrutor
1620 4195 1677 4248 Pal.
1697 4197 1769 4252 bled.
1796 4215 1835 4265 pr.
1856 4202 1959 4256 barthii

437 4282 568 4334 utum·
587 4279 649 4332 830.
669 4282 737 4330 torta
754 4279 786 4331 T.
808 4277 889 4345 (nora
909 4279 1013 4336 tectio.)
1033 4279 1145 4331 -331,
1166 4284 1256 4332 timori
1274 4279 1388 4333 Luceni.
1409 4295 1439 4332 ex
1457 4281 1581 4347 interpol.
1604 4309 1632 4320 ν-
1654 4285 1715 4341 ³32.
1735 4288 1853 4342 lttotoro
1872 4309 1911 4357 pr.
1927 4297 1958 4344 T.

438 4393 468 4408 ..
488 4367 548 4420 335.
568 4368 616 4433 fiat
630 4371 776 4432 praerapto
793 4369 873 4418 aeaut
900 4369 1003 4420 Toum
1022 4366 1175 4434 plerisque:
1201 4371 1282 4419 scatit
1304 4367 1364 4436 (sic)
1379 4373 1527 4436 morracio
1544 4371 1594 4438 ptri
1620 4389 1651 4426 er
1669 4375 1784 4428 Lucern-
1805 4379 1914 4446 Gyrald.
1935 4393 1961 4434 et

437 4463 564 4520 quattuor
581 4457 643 4508 aliia
662 4458 755 4508 Helua.
777 4463 802 4508 et
821 4456 913 4536 burm.
944 4481 972 4494 -
1005 4455 1066 4510 8³9.
1089 4458 1223 4510 «beatur
1241 4455 1356 4510 Lucana.
1395 4459 1454 4510 llon
1474 4459 1580 4512 male.»
1600 4462 1699 4518 Hatra.
1739 4467 1885 4521 uProatiuit
1906 4487 1959 4524 non

438 4553 558 4604 mntem:
579 4558 642 4597 nam
661 4552 736 4597 notat
753 4546 835 4596 etiam
854 4546 937 4597 simul
962 4559 994 4598 er
1013 4547 1139 4598 cubiculo
1158 4559 1330 4610 progressum
1350 4550 1384 4598 ad
1402 4550 1492 4600 socloa
1511 4555 1538 4606 el
1557 4549 1737 4614 domsstlltot.
1763 4573 1825 4610 eum
1844 4561 1962 4614 dentiam

439 4637 536 4700 poterit
555 4635 582 4686 ln
601 4635 726 4685 cubiculo
745 4647 795 4685 auo
814 4648 953 4686 manere.»
972 4635 1060 4688 nuru·
1076 4659 1105 4674 ··
1126 4635 1188 4686 3⁴¹·
1205 4643 1267 4700 Μ
1285 4635 1357 4700 ΨΜ
1369 4637 1400 4687 Τ·
1424 4661 1454 4674 ··
1474 4635 1536 4689 ³⁴²·
1557 4641 1697 4706 “mmm
1714 4644 1830 4699 Imm·
1851 4651 1959 4716 Ginffl·

439 4733 464 4775 et
484 4725 571 4775 vatic.
592 4723 671 4789 prim.
709 4724 768 4775 Non
787 4724 879 4776 audio.
917 4725 1012 4776 laren.
1032 4723 1065 4778 6.
1085 4723 1153 4774 Ξθδε
1174 4726 1273 4790 scripto
1290 4727 1383 4778 redint
1401 4723 1574 4778 demontrat
1591 4741 1687 4780 curo.»
1720 4733 1865 4790 miratos.
