5032 5684
1050 499 1297 575 ...43..

613 680 923 774 liulinua'scqnitur,
945 707 1009 774 quo
1029 683 1140 752 fallere
1161 695 1270 751 cuncta
1291 683 1412 752 solebat

613 791 748 859 Callidus
770 790 882 866 adata,
904 789 1079 877 devotaque
1099 789 1228 855 brachia
1249 787 1368 862 laudat,

612 896 744 964 Nomine
765 915 921 982 quemque
942 913 1079 960 vocans:
1100 904 1253 978 natosque
1275 901 1443 978 patresque
1464 891 1600 956 reversis

612 999 738 1066 Nuntiat
759 999 941 1066 incolumes.
982 995 1047 1072 ilii,
1071 995 1144 1062 dnm
1164 995 1300 1081 piurima
1321 994 1393 1060 ficto
1664 991 1726 1056 ato

613 1099 760 1163 Certatim
777 1117 929 1162 usermone
949 1104 1074 1182 petum,
1097 1094 1259 1160 intendere
1280 1094 1392 1178 longos

612 1209 636 1266 Α
659 1210 749 1287 tergo
770 1200 933 1285 amplexus
954 1199 1176 1285 insperatoque
1200 1215 1348 1284 suprema

612 1302 752 1370 Circuitu
772 1303 895 1379 sociere
915 1311 1045 1390 parant:
1068 1301 1252 1367 decrescere
1274 1318 1401 1389 campos

611 1405 722 1493 incipit
744 1415 775 1471 et
796 1405 903 1492 clipeis
924 1405 956 1470 in
979 1425 1013 1469 se
1035 1404 1197 1470 redeuntia
1219 1403 1332 1472 iunctis

529 1587 536 1594 ι
612 1511 717 1575 Curvo
738 1509 897 1594 paullatim
920 1513 1084 1574 sinuantur
1103 1487 1222 1574 cornisa
1244 1507 1349 1573 ductu.
1471 1516 1478 1524 '

613 1611 665 1677 Sic
685 1610 760 1697 ligat
780 1612 931 1677 immense
952 1610 1070 1676 virides
1090 1611 1238 1695 indagine
1259 1609 1355 1674 saltus
1436 1694 1437 1702 ἵ

613 1721 769 1782 Venator:
796 1717 841 1780 sic
861 1715 1008 1780 attonitos
1031 1714 1070 1779 ad
1091 1713 1183 1781 litora
1204 1714 1306 1801 pisces

612 1823 794 1904 Aequoreos
815 1817 984 1904 populator
1004 1821 1069 1902 agit
1087 1837 1242 1902 rarosque
1263 1815 1424 1902 plagarum

480 2004 487 2016 ἡ
613 1921 774 1987 Contrahit
794 1919 951 1986 onsractos
971 1929 1001 1985 et
1023 1920 1143 1986 hiantes
1165 1919 1284 2003 colligit
1304 1939 1386 1986 oras.

611 2024 788 2090 Excludunt
809 2023 903 2100 alios;
925 2022 1008 2106 cingi
1030 2043 1064 2089 se
1086 2021 1227 2088 fervidus
1247 2021 1301 2088 iile

590 2121 594 2136 ⁸
612 2127 714 2192 Nescit
734 2125 849 2201 adhuc.
874 2126 1075 2212 graviterque
1096 2144 1250 2212 apprensa
1272 2134 1358 2190 veste
1381 2135 1553 2190 morantem

611 2235 754 2316 increpat
775 2236 969 2312 Augustum:
992 2229 1119 2294 scandat
1140 2227 1272 2294 sublime
1294 2225 1447 2304 tribunal;

611 2332 796 2418 Participem
819 2331 952 2418 sceptri,
974 2331 1094 2398 socium
1116 2331 1254 2398 declaret
1274 2331 1413 2398 honoria.

611 2439 689 2502 Cum
712 2435 817 2501 subito
838 2436 995 2520 stringunt
1014 2435 1153 2520 gladios;
1174 2456 1239 2502 ror
1261 2435 1399 2522 desuper
1420 2441 1529 2518 ingens

611 2538 790 2604 Intremuit:
814 2536 917 2606 Nobis
939 2538 1050 2612 etiam,
1072 2538 1248 2613 teterrime,
1270 2537 1363 2603 nobis

612 2641 751 2728 Sperasti
773 2640 903 2706 lemnias
925 2641 1088 2727 imponere
1109 2661 1204 2729 posse
1223 2647 1368 2706 catenas?

611 2744 697 2811 Unde
718 2743 788 2810 redi
810 2744 931 2810 nescis?
952 2744 1095 2810 Patiarue
1117 2743 1227 2812 audire
1249 2745 1389 2817 satelles.

612 2848 674 2926 Qui
697 2849 781 2933 leges
804 2847 872 2913 aliis
894 2846 1132 2934 libertatemque
1153 2846 1292 2914 redusit
1396 2897 1399 2906 ,

612 2951 664 3016 Bis
686 2950 838 3018 domitum
861 2950 952 3016 civile
974 2950 1077 3024 nefas,
1099 2950 1149 3017 bia
1169 2952 1313 3038 rupimus
1334 2950 1436 3037 Alpes.

611 3059 671 3120 Tot
692 3073 750 3120 nos
771 3051 852 3118 bella
874 3053 987 3119 docent
1006 3053 1083 3120 nulli
1105 3054 1227 3120 servire
1248 3063 1390 3144 tyranno.

653 3155 797 3242 Diripuit.
842 3159 920 3244 Spes
940 3155 1025 3223 nulla
1046 3156 1154 3242 fugae:
1177 3177 1266 3241 seges
1287 3155 1426 3242 undique
1446 3153 1523 3223 ferri

612 3258 806 3327 Circumfusa
828 3259 930 3328 micat.
973 3263 1092 3324 Dextra
1112 3260 1263 3346 laevaque
1284 3259 1443 3326 revinctus

610 3363 719 3429 Haesit
740 3372 771 3428 et
792 3361 946 3428 ensiferae
968 3365 1086 3448 stupuit
1108 3383 1259 3429 mucrone
1280 3383 1438 3428 coronae:

475 3635 536 3687 387.
555 3637 602 3701 qut
617 3636 640 3687 Τ
657 3649 719 3686 com
735 3637 887 3701 plerisque
908 3649 959 3702 qoo
973 3637 1121 3702 repositum
1136 3643 1177 3687 est
1196 3637 1315 3701 aprime
1334 3637 1392 3697 vat.
1403 3642 1430 3688 et
1442 3637 1622 3690 coduartatt.
1640 3661 1669 3675 -
1690 3637 1750 3689 383.
1770 3637 1932 3702 commiste

404 3727 486 3776 ettam
516 3722 548 3775 Τ.
572 3736 652 3776 oecos
677 3725 794 3776 aneus.
816 3725 926 3790 Gyraid.
948 3731 975 3776 et
1002 3725 1081 3792 prim.
1112 3725 1217 3786 vatic..
1249 3739 1364 3791 quornm
1390 3725 1620 3788 conspirationem
1645 3733 1738 3778 eontra
1764 3733 1868 3780 ceteros
1889 3727 1933 3779 istc

405 3825 513 3878 qnoque
537 3812 622 3864 vides.
643 3835 674 3850 -
696 3814 758 3865 art.
779 3815 911 3865 tetendero
935 3813 1026 3879 leopos
1047 3813 1070 3862 Δ
1092 3819 1165 3880 torpe
1188 3813 1326 3876 cmptsrm
1349 3814 1380 3865 Τ.
1404 3826 1466 3864 com
1489 3815 1616 3866 omnibus
1637 3821 1745 3880 praeter
1768 3813 1883 3867 anens.
1907 3821 1933 3866 et

404 3899 531 3967 Gyraid„
558 3902 707 3967 exquibus
727 3902 823 3953 fietne.
843 3909 869 3954 et
887 3903 999 3954 liuram:
1021 3901 1198 3952 mimdmn
1210 3902 1310 3968 penos:
1332 3916 1404 3967 quae
1425 3915 1519 3954 rursus
1538 3917 1612 3956 mera
1634 3911 1674 3957 est
1695 3901 1879 3968 interpolatio.
1902 3927 1931 3938 ··

404 3989 476 4041 Satis
492 3995 589 4054 argute
607 3996 689 4055 atque
711 3992 910 4054 emitteresne
933 4004 964 4042 es
986 4003 1064 4043 more
1085 3992 1133 4042 isos
1153 3991 1292 4054 ompiscus
1313 3992 1393 4051 dixit.
1416 4005 1471 4042 non
1491 3994 1602 4057 quidem
1624 3993 1742 4054 amicos,
1766 3995 1812 4045 sed
1836 3995 1932 4057 permt-
1995 3999 1997 4006 ’

404 4082 503 4131 stocos.
522 4103 556 4120 ·-
574 4079 636 4132 333.
655 4075 905 4144 sociersi'sermons
922 4079 954 4130 Τ.
977 4077 1059 4141 (nera
1078 4077 1183 4144 lectio.)
1203 4103 1232 4115 ·-
1253 4081 1314 4132 373.
1334 4079 1419 4131 siloes
1432 4082 1454 4132 Τ
1467 4096 1530 4135 cnm
1544 4083 1653 4140 moitis.
1671 4083 1931 4134 somoeextncena.
1974 4105 1977 4114 ·

404 4167 514 4234 (tyraid.
533 4169 651 4233 altisque
676 4169 892 4234 interpolationis
917 4170 1007 4218 ninas
1032 4171 1164 4232 suspectis
1186 4169 1288 4233 recepit
1314 4169 1409 4220 licius.
1432 4170 1525 4221 surm.
1550 4197 1581 4208 -
1600 4171 1662 4224 373.
1682 4173 1829 4237 ompcctos
1848 4171 1879 4220 Τ.
1903 4197 1930 4208 -

404 4257 466 4308 381.
485 4269 615 4321 oppresso
632 4257 672 4315 Τ,
693 4263 722 4308 nt
740 4258 802 4310 Bac.
828 4259 904 4308 Voss.
926 4263 952 4308 et
967 4257 1013 4307 siti
1033 4259 1123 4321 pauci.
1144 4284 1177 4295 -
1194 4257 1256 4308 385.
1277 4256 1448 4312 detersisset
1461 4271 1524 4310 curn
1537 4261 1666 4311 omnibns
1680 4267 1785 4324 praeter
1797 4273 1855 4312 var.
1871 4261 1933 4311 tect.
1985 4243 1989 4256 ’

404 4345 464 4396 vat·
489 4347 576 4411 quint.
598 4347 744 4404 teterrime,
775 4360 858 4411 quam
880 4346 1020 4411 probatam
1042 4345 1156 4398 Heinsio
1179 4351 1206 4396 et
1220 4345 1378 4398 Bormanon
1403 4355 1476 4399 recte
1494 4348 1621 4400 videntur
1644 4350 1780 4412 recepisse
1798 4346 1936 4400 Gesnerus

331 4477 333 4485 .
403 4441 430 4486 et
449 4435 566 4498 licente·
587 4433 644 4486 alta
666 4437 739 4486 enim
759 4437 787 4486 in
807 4435 908 4488 Codice
927 4435 1118 4487 Theodosiano
1139 4433 1266 4485 linflnnm
1288 4442 1387 4488 vocant
1407 4437 1539 4489 Arcadios
1559 4445 1586 4490 et
1603 4437 1741 4490 Honorius
1764 4439 1796 4488 Α.
1818 4439 1871 4489 tt.:
1899 4439 1936 4488 lie

402 4525 484 4574 estus
502 4523 558 4574 etri
576 4521 801 4576 ttioststs-oeisnt
821 4525 976 4588 temporetis
996 4521 1106 4589 efferato
1129 4525 1260 4575 tumeat
1280 4527 1377 4577 iudicis
1400 4527 1513 4578 intorto.
1562 4527 1630 4580 Nam
1653 4527 1798 4578 Tatianum
1823 4527 1936 4578 dutinus

403 4613 626 4676 proscripserat.»
645 4611 744 4665 litass-
766 4638 797 4650 -
822 4613 884 4666 388.
903 4613 1023 4665 sumere
1043 4627 1114 4666 corr.
1137 4611 1168 4664 Τ.
1188 4619 1270 4672 (nora
1290 4615 1395 4672 tectis.)
1418 4639 1444 4652 -
1465 4615 1526 4669 337.
1546 4617 1632 4668 noscis
1651 4629 1705 4678 mg.
1728 4616 1758 4668 T.
1782 4615 1882 4680 (trem.)
1905 4641 1934 4654 -

400 4699 460 4753 383.
484 4697 626 4766 domitam]
651 4702 691 4755 aio
712 4703 794 4754 etiam
817 4703 851 4755 Τ.
873 4701 964 4755 mmet
989 4702 1036 4756 siti
1061 4705 1149 4767 pauet.
