5032 5684
1089 483 1471 607 l-re-

790 669 879 732 llune
899 667 964 734 suis
985 667 1137 734 immundi
1157 671 1290 756 pingues
1311 669 1450 738 detrudit
1469 672 1503 736 iu
1524 683 1621 738 amus.
1667 647 1670 658 ⁵

790 771 853 850 Qui
874 771 957 836 iusto
979 770 1048 856 plus
1069 793 1138 838 esse
1159 773 1276 859 loquax
1298 793 1472 861 maenaque
1494 775 1594 840 suevit

789 873 944 947 Prodere,
967 875 1104 958 piscosas
1124 873 1226 942 fertur
1247 876 1385 942 victurus
1406 877 1439 942 iu
1460 877 1575 952 undas,

790 977 975 1044 Ut-uimiam
997 988 1129 1061 pensent
1148 989 1274 1044 aeterua
1296 978 1417 1044 silentia
1438 999 1558 1046 vocem.

789 1083 877 1156 Quos
899 1079 953 1146 ubi
974 1079 1155 1167 pervarias
1176 1082 1264 1147 annis
1286 1091 1335 1146 ter
1355 1081 1441 1146 mille
1461 1080 1577 1167 figuras

788 1187 860 1269 Egit
880 1187 1016 1249 Lethaeo
1036 1195 1186 1270 purgatos
1207 1181 1351 1256 flumine,
1373 1183 1497 1250 undem

789 1291 907 1354 Rursus
928 1287 968 1353 ad
988 1287 1142 1353 humanae
1163 1298 1291 1352 revocat
1311 1286 1484 1372 primordia
1504 1288 1635 1373 formae.

789 1396 867 1456 Tum
890 1410 1034 1477 quoque,
1056 1390 1131 1456 dum
1152 1390 1222 1456 lites
1244 1391 1404 1478 Stygiique
1426 1391 1550 1476 negotia
1571 1391 1664 1458 solvit

789 1497 874 1559 Dura
895 1492 957 1560 fori
980 1505 1164 1580 veteresque
1185 1514 1258 1560 reos
1280 1516 1321 1559 ex
1343 1493 1455 1560 ordine
1476 1499 1617 1581 quaerit,
1839 1503 1900 1564 095

790 1595 934 1662 Rufinum
955 1597 1066 1684 procul
1087 1617 1160 1662 ecoe
1181 1607 1267 1663 notat
1287 1597 1420 1684 visuque
1442 1617 1554 1662 severo

790 1703 914 1764 Lustrat
935 1709 966 1764 et
987 1721 1028 1764 ex
1048 1700 1113 1766 imo
1135 1720 1284 1766 conmissa
1306 1699 1381 1765 sede
1403 1699 1561 1785 profatur:

832 1805 900 1868 lluc
921 1823 1071 1889 superum
1091 1801 1192 1878 labes,
1216 1803 1275 1868 huc
1296 1801 1478 1868 insatiabilis
1500 1804 1569 1868 auri

788 1905 951 1972 Proluvies
972 1906 1139 1994 pretioque
1159 1905 1236 1972 nihil
1258 1926 1321 1971 0οο
1342 1925 1418 1972 ause
1440 1915 1565 1991 parato,

790 2008 946 2096 Quodque
968 2009 1044 2075 mihi
1066 2030 1222 2075 summum
1244 2010 1345 2076 scelus
1367 2018 1429 2082 est,
1452 2012 1514 2074 huc
1534 2007 1679 2096 improbe
1700 2011 1803 2097 legum
1837 2019 1899 2078 500

790 2112 958 2186 tenditur,
981 2113 1086 2178 Aretoi
1106 2111 1282 2179 stimulator
1301 2111 1421 2199 perfide
1442 2115 1567 2186 Martis,

790 2215 885 2281 Cuius
906 2213 948 2281 ob
969 2217 1148 2282 innumeras
1170 2225 1290 2301 strages
1311 2227 1460 2298 augustus
1481 2216 1597 2281 Averni

789 2324 853 2384 lam
874 2321 960 2385 sinus
982 2329 1014 2384 et
1035 2319 1125 2405 plena
1146 2319 1278 2384 lassatur
1299 2318 1435 2403 portitor
1455 2318 1536 2387 alno.

789 2422 873 2499 Quid
895 2422 1023 2488 demens
1045 2420 1206 2487 manifesta
1228 2426 1345 2505 negas?
1369 2425 1416 2486 Eu
1438 2429 1546 2507 peetus
1567 2423 1687 2488 inustae

788 2524 972 2592 Deformaut
993 2525 1131 2590 maculae
1152 2523 1296 2611 vitiisque
1316 2524 1445 2590 inolevit
1466 2524 1587 2607 imago,
1839 2533 1899 2594 505

788 2635 851 2694 Nec
872 2649 942 2696 sese
963 2629 1127 2694 commissa
1150 2635 1267 2712 tegunt
1305 2631 1409 2694 Genus
1431 2647 1524 2692 omne
1546 2625 1692 2694 dolorum

789 2737 823 2797 lu
846 2743 876 2797 te
896 2730 982 2797 ferre
1005 2729 1090 2798 libet
1120 2729 1224 2796 Dubio
1245 2728 1301 2797 tibi
1323 2728 1458 2816 pendula
1479 2749 1574 2814 rupes

790 2835 951 2900 lmmiueat
973 2835 1078 2920 lapsu:
1101 2835 1229 2900 volucer
1250 2844 1280 2898 te
1302 2841 1448 2920 torqueat
1468 2832 1551 2898 axis:

789 2943 832 3002 Te
854 2938 957 3022 refugi
979 2937 1084 3004 fallant
1104 2937 1211 3003 latices
1233 2945 1325 3022 atque
1347 2956 1404 3002 ore
1426 2936 1540 3002 uetanti

790 3049 917 3108 Arescat
937 3039 1065 3127 decepta
1085 3039 1162 3115 sitis.
1184 3037 1377 3125 dapibusque
1398 3039 1514 3105 relictis

791 3151 825 3210 lu
849 3156 901 3211 tua
923 3163 1087 3210 mansurus
1109 3144 1223 3226 migret
1243 3141 1429 3229 praecordia
1449 3142 1564 3208 voltur.

791 3253 988 3334 Quamquam
1010 3267 1118 3313 omnes
1140 3246 1212 3322 alii,
1234 3266 1314 3332 quos
1335 3245 1412 3311 haec
1433 3254 1587 3312 tormenta
1608 3245 1752 3332 fatigant.

789 3357 864 3418 Pars
886 3361 980 3439 quota
1002 3359 1091 3436 suut,
1113 3348 1238 3422 Rufina.
1261 3353 1330 3414 tuit
1353 3348 1437 3426 Quid
1457 3348 1518 3413 tale
1539 3349 1590 3414 vel
1611 3349 1713 3416 audax

789 3455 930 3520 Fulmina
952 3453 1135 3519 Salmoneus
1156 3452 1207 3518 vel
1227 3451 1332 3538 lingua
1354 3451 1499 3517 Tantalus
1519 3451 1585 3536 egit

790 3566 850 3624 Aut
871 3560 1052 3624 inconcesso
1074 3555 1181 3644 Tityos
1203 3553 1334 3643 deliquit
1355 3559 1484 3620 amore?

789 3667 980 3728 Cunctorum
1001 3659 1028 3726 si
1048 3656 1128 3724 faeta
1149 3657 1242 3724 simul
1263 3662 1429 3742 iungantur
1449 3657 1482 3721 iu
1503 3678 1614 3731 uuum,

790 3763 959 3830 Praecedes
980 3782 1112 3829 numero
1157 3761 1215 3826 Cui
1236 3769 1318 3826 tauta
1338 3759 1459 3847 piacula
1480 3760 1644 3847 quisquam

789 3866 948 3954 supplicio
969 3863 1116 3931 conferre
1138 3864 1241 3929 valet?
1264 3861 1347 3940 Quid
1369 3862 1504 3948 denique
1525 3861 1652 3946 dignum

842 4093 992 4105 -.n—un...

651 4253 714 4301 087.
728 4243 866 4308 immundi]
886 4245 924 4293 ale
946 4243 1026 4292 etlam
1045 4239 1077 4288 T.
1097 4237 1245 4286 immundos
1265 4247 1296 4284 er
1317 4231 1374 4284 ettls
1392 4232 1486 4282 Burm.
1508 4255 1536 4268 -
1559 4231 1621 4284 001.
1639 4244 1688 4294 per
1705 4235 1795 4284 uerior
1818 4245 1903 4282 00000
1919 4247 1966 4293 per
1987 4233 2056 4282 0000
2072 4231 2102 4280 T.

478 4339 485 4351 ‘
584 4355 646 4390 eum
665 4340 810 4402 plerisque.
832 4317 990 4383 Emendavi!
1010 4341 1042 4378 er
1066 4322 1309 4386 Lue.erGyra1d.
1333 4320 1514 4371 uetustus-
1538 4317 1601 4370 000.
1628 4331 1681 4371 esso
1705 4333 1745 4383 pr.
1770 4319 1802 4370 'l'-
1830 4344 1859 4357 -
1885 4322 1945 4372 501.
1966 4321 2104 4370 emulator

585 4429 632 4485 Τ..
668 4429 731 4476 item
752 4427 805 4475 000
822 4421 882 4471 Vel.
905 4419 962 4470 Pet.
981 4417 1078 4470 lieret.
1104 4426 1176 4468 seo..
1210 4416 1240 4461 ut
1263 4410 1387 4460 Barthlur
1413 4409 1479 4470 legtt
1499 4407 1667 4474 explleetque
1690 4409 1718 4458 lu
1741 4409 1959 4466 commeatuum
1988 4411 2014 4457 iu
2041 4421 2104 4456 eon-

586 4525 656 4567 tertu
680 4517 702 4563 is
728 4526 836 4576 quoque
854 4507 1017 4585 stimulator.
1037 4529 1067 4542 -
1095 4501 1155 4554 000.
1178 4499 1312 4550 melorum
1330 4497 1366 4553 T.
1394 4501 1424 4547 ut
1441 4495 1516 4546 Laid.
1536 4500 1564 4546 et
1582 4509 1623 4559 pr.
1641 4495 1713 4548 Med.
1733 4499 1838 4548 tertiae.
1860 4521 1889 4530 -
1916 4498 1976 4547 510.
1996 4497 2105 4545 reverse

587 4621 626 4670 pr.
643 4605 675 4654 Τ.
698 4627 726 4637 -
745 4593 806 4652 510.
826 4604 887 4650 aaut
905 4611 936 4649 ex
957 4595 1041 4647 codd.
1062 4592 1190 4643 Heinsius
1208 4591 1236 4639 iu
1257 4587 1307 4638 Ed.
1321 4585 1400 4636 1005.
1419 4591 1446 4635 et
1463 4585 1556 4635 Burm.
1571 4587 1626 4635 etet
1644 4583 1677 4634 Τ.
1695 4597 1757 4636 eum
1776 4585 1921 4649 plerisque.
1938 4585 2032 4634 lisine.
2054 4583 2102 4631 Ed.

585 4695 663 4744 1008.
683 4693 800 4750 Gesner,
825 4689 937 4750 Koeulg.
958 4711 982 4723 -
1004 4681 1064 4735 510.
1084 4683 1142 4746 (otu
1163 4677 1195 4728 Τ.
1213 4689 1275 4728 oum
1296 4673 1367 4724 altu.
1393 4697 1418 4710 ··
1439 4671 1500 4724 517.
1520 4669 1649 4734 001]οω
1669 4671 1702 4722 Τ.
1722 4686 1784 4736 eum
1806 4673 1877 4723 aliie.
